@incollection{action_this_day,
  author    = {Alan M. Turing},
  editor    = {B. Jack Copeland},
  title     = {Letter to Winston Churchill},
  booktitle = {The Essential Turing: Seminal Writings in Computing, Logic, Philosophy, Artificial Intelligence, and Artificial Life},
  publisher = {Oxford University Press},
  year      = {2004},
  chapter   = {7},
  pages     = {336}
}

@misc{enigma_I, 
howpublished = {\url{https://www.cryptomuseum.com/crypto/enigma/i}}, 
journal={Enigma I},
publisher={Crypto Museum Trust}, 
note         = {Accessed July 19, 2025},
year         = {n.d.}
} 